@misc{L2RPN,
title={L2RPN NEURIPS 2020 - Adaptability Track},
howpublished = "\href{https://competitions.codalab.org/competitions/25427}{website}"
}

@misc{marot2021learning,
      title={Learning to run a Power Network Challenge: a Retrospective Analysis}, 
      author={Antoine Marot and Benjamin Donnot and Gabriel Dulac-Arnold and Adrian Kelly and AÃ¯dan O'Sullivan and Jan Viebahn and Mariette Awad and Isabelle Guyon and Patrick Panciatici and Camilo Romero},
      year={2021},
      eprint={2103.03104},
      archivePrefix={arXiv},
      primaryClass={cs.LG}
}

@inproceedings{Zhou2021ActionSB,
  title={Action Set Based Policy Optimization for Safe Power Grid Management},
  author={Bo Zhou and Hongsheng Zeng and Yuecheng Liu and Kejiao Li and Fan Wang and Hao Tian},
  journal={ECML PKDD2021},
  year={2021}
}